<?xml version="1.0" encoding="UTF-8"?><collection xmlns="http://www.loc.gov/MARC21/slim"><record><leader>00355nam--2200121-i-4500</leader><controlfield tag="001">000032319</controlfield><controlfield tag="002">20161230</controlfield><controlfield tag="005">20161230201039</controlfield><controlfield tag="008">060222s1000------------r-----000-0-eng-d</controlfield><datafield ind1=" " ind2=" " tag="080"><subfield code="a">681.3.06</subfield></datafield><datafield ind1=" " ind2=" " tag="245"><subfield code="a">Microsoft quik-basic. compilier-for ibm. personal c computers and compatibles</subfield></datafield><datafield ind1=" " ind2=" " tag="260"><subfield code="a">New York, Microsoft Corporation, 1986. Ix + 285p</subfield></datafield><datafield ind1=" " ind2=" " tag="852"><subfield code="a">80778</subfield></datafield></record></collection>